%% This BibTeX bibliography file was created using BibDesk.
%% http://bibdesk.sourceforge.net/

%% Created for Benedikt Vitecek at 2017-10-19 16:46:44 +0200 


%% Saved with string encoding Unicode (UTF-8) 



@webpage{stick,
	Date-Added = {2017-10-19 14:29:51 +0000},
	Date-Modified = {2017-10-19 14:32:00 +0000},
	Lastchecked = {2017-10-08},
	Url = {https://cooking.stackexchange.com/questions/784/translating-cooking-terms-between-us-uk-au-ca-nz},
	Bdsk-Url-1 = {https://cooking.stackexchange.com/questions/784/translating-cooking-terms-between-us-uk-au-ca-nz}}
