%% This BibTeX bibliography file was created using BibDesk.
%% http://bibdesk.sourceforge.net/

%% Created for Benedikt Vitecek at 2018-07-10 14:16:06 +0200 


%% Saved with string encoding Unicode (UTF-8) 



@book{Gattopardo,
	Author = {Guiseppe Tomasi di Lampedusa},
	Date-Added = {2018-07-08 15:55:46 +0000},
	Date-Modified = {2018-07-08 15:56:58 +0000},
	Keywords = {German},
	Publisher = {Piper},
	Title = {Der Gattopardo},
	Volume = {8},
	Year = {2018}}
